@article{dondi2019reconciling,
  title={Reconciling multiple genes trees via segmental duplications and losses},
  author={Dondi, Riccardo and Lafond, Manuel and Scornavacca, Celine},
  journal={Algorithms for Molecular Biology},
  volume={14},
  pages={1--19},
  year={2019},
  publisher={Springer}
}

@article{bansal2008multiple,
  title={The multiple gene duplication problem revisited},
  author={Bansal, Mukul S and Eulenstein, Oliver},
  journal={Bioinformatics},
  volume={24},
  number={13},
  pages={i132--i138},
  year={2008},
  publisher={Oxford University Press}
}


@article{guigo1996reconstruction,
  title={Reconstruction of ancient molecular phylogeny},
  author={Guigo, Roderic and Muchnik, Ilya and Smith, Temple F},
  journal={Molecular phylogenetics and evolution},
  volume={6},
  number={2},
  pages={189--213},
  year={1996},
  publisher={Elsevier}
}

@inproceedings{fellows1998multiple,
  title={On the multiple gene duplication problem},
  author={Fellows, Michael and Hallett, Michael and Stege, Ulrike},
  booktitle={International Symposium on Algorithms and Computation},
  pages={348--357},
  year={1998},
  organization={Springer}
}

@article{luo2009linear,
  title={Linear-time algorithms for the multiple gene duplication problems},
  author={Luo, Cheng-Wei and Chen, Ming-Chiang and Chen, Yi-Ching and Yang, Roger WL and Liu, Hsiao-Fei and Chao, Kun-Mao},
  journal={IEEE/ACM Transactions on Computational Biology and Bioinformatics},
  volume={8},
  number={1},
  pages={260--265},
  year={2009},
  publisher={IEEE}
}

@article{paszek2017efficient,
  title={Efficient algorithms for genomic duplication models},
  author={Paszek, Jaros{\l}aw and G{\'o}recki, Pawe{\l}},
  journal={IEEE/ACM transactions on computational biology and bioinformatics},
  volume={15},
  number={5},
  pages={1515--1524},
  year={2017},
  publisher={IEEE}
}

@article{ullah2015integrating,
  title={Integrating sequence evolution into probabilistic orthology analysis},
  author={Ullah, Ikram and Sj{\"o}strand, Joel and Andersson, Peter and Sennblad, Bengt and Lagergren, Jens},
  journal={Systematic biology},
  volume={64},
  number={6},
  pages={969--982},
  year={2015},
  publisher={Oxford University Press}
}

@article{lafond2018accurate,
  title={Accurate prediction of orthologs in the presence of divergence after duplication},
  author={Lafond, Manuel and Meghdari Miardan, Mona and Sankoff, David},
  journal={Bioinformatics},
  volume={34},
  number={13},
  pages={i366--i375},
  year={2018},
  publisher={Oxford University Press}
}

@article{lafond2016link,
  title={The link between orthology relations and gene trees: a correction perspective},
  author={Lafond, Manuel and Dondi, Riccardo and El-Mabrouk, Nadia},
  journal={Algorithms for Molecular Biology},
  volume={11},
  pages={1--13},
  year={2016},
  publisher={Springer}
}

@article{dondi2017approximating,
  title={Approximating the correction of weighted and unweighted orthology and paralogy relations},
  author={Dondi, Riccardo and Lafond, Manuel and El-Mabrouk, Nadia},
  journal={Algorithms for Molecular Biology},
  volume={12},
  pages={1--15},
  year={2017},
  publisher={Springer}
}



@article{page1994maps,
  title={Maps between trees and cladistic analysis of historical associations among genes, organisms, and areas},
  author={Page, Roderic DM},
  journal={Systematic biology},
  volume={43},
  number={1},
  pages={58--77},
  year={1994},
  publisher={Society of Systematic Biologists}
}

@article{goodman1979fitting,
  title={Fitting the gene lineage into its species lineage, a parsimony strategy illustrated by cladograms constructed from globin sequences},
  author={Goodman, Morris and Czelusniak, John and Moore, G William and Romero-Herrera, Alejo E and Matsuda, Genji},
  journal={Systematic Biology},
  volume={28},
  number={2},
  pages={132--163},
  year={1979},
  publisher={Society of Systematic Zoology}
}

@article{maddison1997gene,
  title={Gene trees in species trees},
  author={Maddison, Wayne P},
  journal={Systematic biology},
  volume={46},
  number={3},
  pages={523--536},
  year={1997},
  publisher={Society of Systematic Biologists}
}

@inproceedings{delabre2018reconstructing,
  title={Reconstructing the history of syntenies through super-reconciliation},
  author={Delabre, Matt{\'e}o and El-Mabrouk, Nadia and Huber, Katharina T and Lafond, Manuel and Moulton, Vincent and Noutahi, Emmanuel and Castellanos, Miguel Sautie},
  booktitle={Comparative Genomics: 16th International Conference, RECOMB-CG 2018, Magog-Orford, QC, Canada, October 9-12, 2018, Proceedings 16},
  pages={179--195},
  year={2018},
  organization={Springer}
}

@article{kalhor2024rigorous,
  title={A Rigorous Framework to Classify the Postduplication Fate of Paralogous Genes},
  author={Kalhor, Reza and Beslon, Guillaume and Lafond, Manuel and Scornavacca, Celine},
  journal={Journal of Computational Biology},
  year={2024},
  publisher={Mary Ann Liebert, Inc., publishers 140 Huguenot Street, 3rd Floor New~â€¦}
}

@article{mallo2016simphy,
  title={SimPhy: phylogenomic simulation of gene, locus, and species trees},
  author={Mallo, Diego and de Oliveira Martins, Leonardo and Posada, David},
  journal={Systematic biology},
  volume={65},
  number={2},
  pages={334--344},
  year={2016},
  publisher={Oxford University Press}
}

@article{gorecki2024unifying,
  title={Unifying duplication episode clustering and gene-species mapping inference},
  author={G{\'o}recki, Pawe{\l} and Rutecka, Natalia and Mykowiecka, Agnieszka and Paszek, Jaros{\l}aw},
  journal={Algorithms for Molecular Biology},
  volume={19},
  number={1},
  pages={7},
  year={2024},
  publisher={Springer}
}

@article{lynch2000evolutionary,
  title={The evolutionary fate and consequences of duplicate genes},
  author={Lynch, Michael and Conery, John S},
  journal={science},
  volume={290},
  number={5494},
  pages={1151--1155},
  year={2000},
  publisher={American Association for the Advancement of Science}
}

@article{birchler2007gene,
  title={The gene balance hypothesis: from classical genetics to modern genomics},
  author={Birchler, James A and Veitia, Reiner A},
  journal={The Plant Cell},
  volume={19},
  number={2},
  pages={395--402},
  year={2007},
  publisher={American Society of Plant Biologists}
}

@article{moulton1999retractions,
  title={Retractions of finite distance functions onto tree metrics},
  author={Moulton, Vincent and Steel, Mike},
  journal={Discrete Applied Mathematics},
  volume={91},
  number={1-3},
  pages={215--233},
  year={1999},
  publisher={Elsevier}
}

@article{rabier2014detecting,
  title={Detecting and locating whole genome duplications on a phylogeny: a probabilistic approach},
  author={Rabier, Charles-Elie and Ta, Tram and An{\'e}, C{\'e}cile},
  journal={Molecular biology and evolution},
  volume={31},
  number={3},
  pages={750--762},
  year={2014},
  publisher={Oxford University Press}
}



@incollection{page2001vertebrate,
  title={Vertebrate phylogenomics: reconciled trees and gene duplications},
  author={Page, Roderic DM and Cotton, JA},
  booktitle={Biocomputing 2002},
  pages={536--547},
  year={2001},
  publisher={World Scientific}
}

@article{butler2009evolution,
  title={Evolution of pathogenicity and sexual reproduction in eight Candida genomes},
  author={Butler, Geraldine and Rasmussen, Matthew D and Lin, Michael F and Santos, Manuel AS and Sakthikumar, Sharadha and Munro, Carol A and Rheinbay, Esther and Grabherr, Manfred and Forche, Anja and Reedy, Jennifer L and others},
  journal={Nature},
  volume={459},
  number={7247},
  pages={657--662},
  year={2009},
  publisher={Nature Publishing Group UK London}
}

@article{jacox2017resolution,
  title={Resolution and reconciliation of non-binary gene trees with transfers, duplications and losses},
  author={Jacox, Edwin and Weller, Mathias and Tannier, Eric and Scornavacca, Celine},
  journal={Bioinformatics},
  volume={33},
  number={7},
  pages={980--987},
  year={2017},
  publisher={Oxford University Press}
}

@article{jacox2016eccetera,
  title={ecceTERA: comprehensive gene tree-species tree reconciliation using parsimony},
  author={Jacox, Edwin and Chauve, Cedric and Sz{\"o}ll{\H{o}}si, Gergely J and Ponty, Yann and Scornavacca, Celine},
  journal={Bioinformatics},
  volume={32},
  number={13},
  pages={2056--2058},
  year={2016},
  publisher={Oxford University Press}
}

@article{hermansen2016extracting,
  title={Extracting functional trends from whole genome duplication events using comparative genomics},
  author={Hermansen, Russell A and Hvidsten, Torgeir R and Sandve, Simen R{\o}d and Liberles, David A},
  journal={Biological procedures online},
  volume={18},
  pages={1--10},
  year={2016},
  publisher={Springer}
}

@article{rondeau2014genome,
  title={The genome and linkage map of the northern pike (Esox lucius): conserved synteny revealed between the salmonid sister group and the Neoteleostei},
  author={Rondeau, Eric B and Minkley, David R and Leong, Jong S and Messmer, Amber M and Jantzen, Johanna R and von Schalburg, Kristian R and Lemon, Craig and Bird, Nathan H and Koop, Ben F},
  journal={Plos one},
  volume={9},
  number={7},
  pages={e102089},
  year={2014},
  publisher={Public Library of Science San Francisco, USA}
}

@article{lien2016atlantic,
  title={The Atlantic salmon genome provides insights into rediploidization},
  author={Lien, Sigbj{\o}rn and Koop, Ben F and Sandve, Simen R and Miller, Jason R and Kent, Matthew P and Nome, Torfinn and Hvidsten, Torgeir R and Leong, Jong S and Minkley, David R and Zimin, Aleksey and others},
  journal={Nature},
  volume={533},
  number={7602},
  pages={200--205},
  year={2016},
  publisher={Nature Publishing Group UK London}
}

@article{berthelot2014rainbow,
  title={The rainbow trout genome provides novel insights into evolution after whole-genome duplication in vertebrates},
  author={Berthelot, Camille and Brunet, Fr{\'e}d{\'e}ric and Chalopin, Domitille and Juanchich, Am{\'e}lie and Bernard, Maria and No{\"e}l, Benjamin and Bento, Pascal and Da Silva, Corinne and Labadie, Karine and Alberti, Adriana and others},
  journal={Nature communications},
  volume={5},
  number={1},
  pages={1--10},
  year={2014},
  publisher={Nature Publishing Group}
}

@article{meyer20052r,
  title={From 2R to 3R: evidence for a fish-specific genome duplication (FSGD)},
  author={Meyer, Axel and Van de Peer, Yves},
  journal={Bioessays},
  volume={27},
  number={9},
  pages={937--945},
  year={2005},
  publisher={Wiley Online Library}
}

@article{danzmann2008distribution,
  title={Distribution of ancestral proto-Actinopterygian chromosome arms within the genomes of 4R-derivative salmonid fishes (Rainbow trout and Atlantic salmon)},
  author={Danzmann, Roy G and Davidson, Evelyn A and Ferguson, Moira M and Gharbi, Karim and Koop, Ben F and Hoyheim, Bjorn and Lien, Sigbjorn and Lubieniecki, Krzysztof P and Moghadam, Hooman K and Park, Jay and others},
  journal={BMC genomics},
  volume={9},
  pages={1--16},
  year={2008},
  publisher={Springer}
}



@book{ohno1970evolution,
  title={Evolution by Gene Duplication},
  author={Ohno, S.},
  isbn={9780387052250},
  lccn={78112882},
  url={https://books.google.ca/books?id=sxUDAAAAMAAJ},
  year={1970},
  publisher={Springer-Verlag}
}


@inproceedings{mettanant2008linear,
  title={A linear-time algorithm for the multiple gene duplication problem},
  author={Mettanant, Vacharapat and Fakcharoenphol, Jittat},
  booktitle={The 12th National Computer Science and Engineering Conference (NCSEC)},
  pages={198--203},
  year={2008}
}



@article{duchemin2017decostar,
  title={DeCoSTAR: reconstructing the ancestral organization of genes or genomes using reconciled phylogenies},
  author={Duchemin, Wandrille and Anselmetti, Yoann and Patterson, Murray and Ponty, Yann and B{\'e}rard, S{\`e}verine and Chauve, Cedric and Scornavacca, Celine and Daubin, Vincent and Tannier, Eric},
  journal={Genome biology and evolution},
  volume={9},
  number={5},
  pages={1312--1319},
  year={2017},
  publisher={Oxford University Press}
}



@inproceedings{doyon2010efficient,
  title={An efficient algorithm for gene/species trees parsimonious reconciliation with losses, duplications and transfers},
  author={Doyon, Jean-Philippe and Scornavacca, Celine and Gorbunov, K Yu and Sz{\"o}ll{\H{o}}si, Gergely J and Ranwez, Vincent and Berry, Vincent},
  booktitle={Comparative Genomics: International Workshop, RECOMB-CG 2010, Ottawa, Canada, October 9-11, 2010. Proceedings 8},
  pages={93--108},
  year={2010},
  organization={Springer}
}





@article{durand2006hybrid,
  title={A hybrid micro--macroevolutionary approach to gene tree reconstruction},
  author={Durand, Dannie and Halld{\'o}rsson, Bjarni V and Vernot, Benjamin},
  journal={Journal of computational biology},
  volume={13},
  number={2},
  pages={320--335},
  year={2006},
  publisher={Mary Ann Liebert, Inc. 2 Madison Avenue Larchmont, NY 10538 USA}
}


@article{bansal2018ranger,
  title={RANGER-DTL 2.0: rigorous reconstruction of gene-family evolution by duplication, transfer and loss},
  author={Bansal, Mukul S and Kellis, Manolis and Kordi, Misagh and Kundu, Soumya},
  journal={Bioinformatics},
  volume={34},
  number={18},
  pages={3214--3216},
  year={2018},
  publisher={Oxford University Press}
}






@article{gorecki2006dls,
  title={DLS-trees: a model of evolutionary scenarios},
  author={G{\'o}recki, Pawe{\l} and Tiuryn, Jerzy},
  journal={Theoretical computer science},
  volume={359},
  number={1-3},
  pages={378--399},
  year={2006},
  publisher={Elsevier}
}


@article{zhang1997mirkin,
  title={On a Mirkin-Muchnik-Smith conjecture for comparing molecular phylogenies},
  author={Zhang, Louxin},
  journal={Journal of Computational Biology},
  volume={4},
  number={2},
  pages={177--187},
  year={1997}
}




@article{doyon2011efficient,
  title={An efficient method for exploring the space of gene tree/species tree reconciliations in a probabilistic framework},
  author={Doyon, Jean-Philippe and Hamel, Sylvie and Chauve, Cedric},
  journal={IEEE/ACM Transactions on Computational Biology and Bioinformatics},
  volume={9},
  number={1},
  pages={26--39},
  year={2011},
  publisher={IEEE}
}





@article{arvestad2003bayesian,
  title={Bayesian gene/species tree reconciliation and orthology analysis using MCMC},
  author={Arvestad, Lars and Berglund, Ann-Charlotte and Lagergren, Jens and Sennblad, Bengt},
  journal={Bioinformatics-Oxford},
  volume={19},
  number={1},
  pages={7--15},
  year={2003},
  publisher={Oxford: Oxford University Press, c1998-}
}



@article{hellmuth2015phylogenomics,
  title={Phylogenomics with paralogs},
  author={Hellmuth, Marc and Wieseke, Nicolas and Lechner, Marcus and Lenhof, Hans-Peter and Middendorf, Martin and Stadler, Peter F},
  journal={Proceedings of the National Academy of Sciences},
  volume={112},
  number={7},
  pages={2058--2063},
  year={2015},
  publisher={National Acad Sciences}
}




@inproceedings{anselmetti2022reconciliation,
  title={Reconciliation with segmental duplication, transfer, loss and gain},
  author={Anselmetti, Yoann and Delabre, Matt{\'e}o and El-Mabrouk, Nadia},
  booktitle={RECOMB International Workshop on Comparative Genomics},
  pages={124--145},
  year={2022},
  organization={Springer}
}